




@misc{qfog,
title="Quantum {F}og (software)",
author="Robert R. Tucci",
howpublished="\url{
https://github.com/artiste-qb-net/quantum-fog}"
}

@misc{entanglish,
title="Entanglish (software)",
author="Robert R. Tucci",
howpublished="\url{
https://github.com/rrtucci/Entanglish}"
}

@misc{ent1,
title="Quantum Entanglement and Conditional Information Transmission",
author="Robert R. Tucci",
howpublished="\url{https://arxiv.org/abs/quant-ph/9909041}"
}
@misc{ent2,
title="Separability of Density Matrices and Conditional Information Transmission",
author="Robert R. Tucci",
howpublished="\url{https://arxiv.org/abs/quant-ph/0005119}"
}
@misc{ent3,
title="Entanglement of Formation and Conditional Information Transmission",
author="Robert R. Tucci",
howpublished="\url{https://arxiv.org/abs/quant-ph/0010041}"
}
@misc{ent4,
title="Relaxation Method for Calculating Quantum Entanglement",
author="Robert R. Tucci",
howpublished="\url{https://arxiv.org/abs/quant-ph/0101123}"
}
@misc{ent5,
title="Entanglement of Bell Mixtures of Two Qubits",
author="Robert R. Tucci",
howpublished="\url{https://arxiv.org/abs/quant-ph/0103040}"
}
@misc{ent6,
title="Entanglement of Distillation and Conditional Mutual Information",
author="Robert R. Tucci",
howpublished="\url{https://arxiv.org/abs/quant-ph/0202144}"
}
@misc{wiki-sq-ent,
title="Squashed Entanglement",
author="Wikipedia",
howpublished="\url{https://en.wikipedia.org/wiki/Squashed_entanglement}"
}


@article{putrid-squash,
   title={“Squashed entanglement”: An additive entanglement measure},
   volume={45},
   ISSN={1089-7658},
   url={http://dx.doi.org/10.1063/1.1643788},
   DOI={10.1063/1.1643788},
   number={3},
   journal={Journal of Mathematical Physics},
   publisher={AIP Publishing},
   author={Christandl, Matthias and Winter, Andreas},
   year={2004},
   month={Mar},
   pages={829--840}
}


@misc{bayesuvius,
title="Bayesuvius (book)",
author="Robert R. Tucci",
howpublished="\url{
https://github.com/rrtucci/Bayesuvius/raw/master/main.pdf}"
}

@misc{qbnets1,
title="Quantum {B}ayesian Nets",
author="Robert R. Tucci",
howpublished="\url{
https://arxiv.org/abs/quant-ph/9706039}"
}

@misc{qbnets-mixed,
title="An Introduction to Quantum {B}ayesian Networks for Mixed States",
author="Robert R. Tucci",
howpublished="\url{https://arxiv.org/abs/1204.1550}"
}



@book{pearl-1988book,
author={Judea Pearl},
title={Probabilistic Inference
 in Intelligent Systems},
publisher = 
"Morgan Kaufmann",
year="1988"
}

@book{pearl-2013book,
  title={Causality: Models, Reasoning, and Inference, Second Edition},
  author={Pearl, Judea},
  year={2013},
  publisher={Cambridge University Press}
}

@book{pearl-primer,
  title={Causal inference in statistics: A primer},
  author={Pearl, Judea and Glymour, Madelyn and Jewell, Nicholas P},
  year={2016},
  publisher={John Wiley \& Sons}
}

@book{book-why,
  title={The book of why: the new science of cause and effect},
  author={Pearl, Judea and Mackenzie, Dana},
  year={2018},
  publisher={Basic Books}
}

